% This file was created with JabRef 2.9.2.
% Encoding: Cp1252

@ARTICLE{TCS_6,
  author = {Böning, B., Folke, R., and Franzke, K.},
  title = {Traction Control (ASR) Using Fuel-Injection Suppression - A Cost
	Effective Method of Engine-Torque Control},
  journal = {SAE Technical Papers},
  year = {1992},
  volume = {920641},
  owner = {Nick},
  timestamp = {2013.10.07}
}

@ARTICLE{TCS_1,
  author = {Collantine, K.},
  title = {Banned! Traction Control},
  journal = {F1 Fanatic},
  year = {2011},
  owner = {Nick},
  timestamp = {2013.10.07},
  url = {\url{http://www.f1fanatic.co.uk/2007/04/12/banned-traction-control/}}
}

@ELECTRONIC{TCS_2,
  author = {The Free Online Dictionary},
  month = {09},
  year = {2013},
  howpublished = {\url{http://www.thefreedictionary.com/Traction+control+system}},
  owner = {Nick},
  timestamp = {2013.10.07}
}

@ARTICLE{TCS_5,
  author = {Fedullo, T. and Delagrammatikas, G.},
  title = {The Traction Control System of the 2011 Cooper Union FSAE Vehicle},
  journal = {SAE Technical Papers},
  year = {2011},
  volume = {2011-01-1108},
  owner = {Nick},
  timestamp = {2013.10.07}
}

@ARTICLE{TCS_4,
  author = {Oral, H.},
  title = {Traction Control System Using a Torque Sensor for Adaptive Engine
	Throttle Control},
  journal = {SAE Technical Papers},
  volume = {2010-01-0629},
  owner = {Nick},
  timestamp = {2013.10.07}
}

@ARTICLE{TCS_3,
  author = {Tylenda, F. and Nakayasu, Y.},
  title = {Adaptive Hydraulic Braking Traction Control for the 2003 Chevrolet
	Kodiak and GMC TopKick},
  journal = {SAE Technical Papers},
  year = {2002},
  volume = {2002-01-3116},
  owner = {Nick},
  timestamp = {2013.10.07}
}

