% This file was created with JabRef 2.9.2.
% Encoding: Cp1252

@ARTICLE{allman1999tcp,
  author = {Allman, Mark and Paxson, Vern and Stevens, Wright and others},
  title = {TCP congestion control},
  year = {1999},
  publisher = {RFC 2581, april}
}

@MISC{yolo,
  author = {bedtime},
  owner = {Brendan},
  timestamp = {2013.10.07}
}

@BOOK{doyle2005routing,
  title = {Routing TCP/IP 1},
  publisher = {Cisco press},
  year = {2005},
  author = {Doyle, Jeff and Carroll, Jennifer DeHaven},
  volume = {1}
}

@ARTICLE{wireless_USB,
  author = {Jones, W.D.},
  title = {No strings attached [wireless USB]},
  journal = {Spectrum, IEEE},
  year = {2006},
  volume = {43},
  pages = {16-18},
  number = {4},
  doi = {10.1109/MSPEC.2006.1611751},
  issn = {0018-9235},
  keywords = {computer peripheral equipment;peripheral interfaces;ultra wideband
	communication;Freescale Semiconductor Inc;Intel Corp;USB peripherals;UWB;electronic
	device networking;electronics manufacturers;ultrawideband connection;universal
	serial bus;wireless USB;Computer interfaces;Consumer electronics;Embedded
	computing;Frequency;Manufacturing;Packaging;Plugs;Printers;Springs;Universal
	Serial Bus}
}

@MISC{madox,
  author = {Madox},
  title = {Madox.NET - Perversions of an Engineer},
  howpublished = {\url{http://www.madox.net/blog/}},
  owner = {Brendan},
  timestamp = {2013.10.05}
}

@MISC{madox_exampleusbip,
  author = {Madox},
  title = {TL-WR703N Example Project 3 : Wireless 3D printing (or 2D printing
	or just simply wireless USB)},
  howpublished = {\url{http://www.madox.net/blog/2013/01/04/tl-wr703n-example-project-3-wireless-3d-printing-or-2d-printing-or-just-simply-wireless-usb/}},
  owner = {Brendan},
  timestamp = {2013.10.05}
}

@MISC{madox_wr703n,
  author = {Madox},
  title = {wr703n TL-WR703N Introduction},
  howpublished = {\url{http://www.madox.net/blog/projects/tp-link-tl-wr703n/}},
  owner = {Brendan},
  timestamp = {2013.10.05}
}

@MISC{REV_ROUTERS,
  author = {Dong Ngo},
  title = {Top five Wi-Fi routers with built-in network storage},
  howpublished = {\url{http://reviews.cnet.com/8301-3132_7-57494092-98/top-five-wi-fi-routers-with-built-in-network-storage/}},
  month = {August},
  year = {2012},
  owner = {Brendan},
  timestamp = {2013.10.04}
}

@ARTICLE{postel1981internet,
  author = {Postel, Jon},
  title = {Internet protocol},
  year = {1981}
}

@ARTICLE{postel1981transmission,
  author = {Postel, Jon},
  title = {Transmission control protocol},
  year = {1981}
}

@ARTICLE{zimmermann1980osi,
  author = {Zimmermann, Hubert},
  title = {OSI reference model--The ISO model of architecture for open systems
	interconnection},
  journal = {Communications, IEEE Transactions on},
  year = {1980},
  volume = {28},
  pages = {425--432},
  number = {4},
  publisher = {IEEE}
}

@STANDARD{802_20,
  title = {Standard for Conformance to IEEE 802.20 Systems--Protocol Implementation
	Conformance Statement (PICS) Proforma},
  organization = {IEEE},
  institution = {IEEE},
  journal = {IEEE Standard for Conformance to IEEE 802.20 Systems--Protocol Implementation
	Conformance Statement (PICS) Proforma},
  pages = {-}
}

@MISC{ddwrt_supporteddevices,
  title = {DD-WRT Supported Devices},
  howpublished = {\url{http://www.dd-wrt.com/wiki/index.php/Supported_Devices}},
  owner = {Brendan},
  timestamp = {2013.10.04}
}

@MISC{m400_software,
  title = {MOTEC M400 Software},
  howpublished = {\url{http://www.motec.com.au/m400/m400software/}},
  owner = {Brendan},
  timestamp = {2013.10.04}
}

@MISC{MAN_ECU_MANAGER,
  title = {ECU Technical Documentation release 1.02},
  howpublished = {\url{http://www.aim-sportline.com/download/ecu/racing/MoTeC_M400_M600_M800_102_eng.pdf}},
  owner = {Brendan},
  timestamp = {2013.10.04}
}

@MISC{MAN_HCI,
  title = {Host Controller Interface(HCI) Architecture},
  howpublished = {\url{https://developer.bluetooth.org/TechnologyOverview/Pages/HCI.aspx}},
  owner = {Brendan},
  timestamp = {2013.10.04}
}

@MISC{MAN_USB,
  title = {A Technical Introduction to USB 2.0},
  howpublished = {\url{http://www.usb.org/developers/usb20/developers/whitepapers/usb_20g.pdf}},
  owner = {Brendan},
  timestamp = {2013.10.05}
}

@MISC{MAN_USBIP,
  title = {USBIP protocol documentation},
  howpublished = {\url{http://lwn.net/Articles/449509/}},
  owner = {Brendan},
  timestamp = {2013.10.04}
}

@MISC{MAN_UTC,
  title = {Connecting to the PC's USB Port},
  howpublished = {\url{http://www.motec.com.au/commscables/commcan/}},
  organization = {MOTEC Pty Ltd},
  owner = {Brendan},
  timestamp = {2013.10.04}
}

@MISC{openwrt_buyersguide,
  title = {OpenWRT Buyer's Guide},
  howpublished = {\url{http://wiki.openwrt.org/toh/buyerguide}},
  owner = {Brendan},
  timestamp = {2013.10.04}
}

@MISC{raspberry_pi_windows,
  title = {Is it possible for a copy of Windows to run on a Raspberry Pi? -
	Element14 community thread},
  howpublished = {\url{http://www.element14.com/community/thread/24865}},
  owner = {Brendan},
  timestamp = {2013.10.04}
}

@MISC{raspberry_pi_wireless,
  title = {Raspberry Pi 802.11B/G/N USB Wireless Dongle},
  howpublished = {\url{http://www.buyraspberrypi.com.au/raspberry-pi-802-11bgn-usb-wireless-dongle/}},
  owner = {Brendan},
  timestamp = {2013.10.04}
}

@MISC{shieldlist,
  title = {Arduino Shield List},
  howpublished = {\url{http://shieldlist.org/}},
  owner = {Brendan},
  timestamp = {2013.10.04}
}

@MISC{USBIP_homepage,
  title = {USB/IP Project},
  howpublished = {\url{http://usbip.sourceforge.net/}},
  owner = {Brendan},
  timestamp = {2013.10.04}
}

@MISC{wr703n_hackaday,
  title = {List of Hack a Day Projects involving the wr703n},
  howpublished = {\url{http://hackaday.com/?s=wr703n}},
  owner = {Brendan},
  timestamp = {2013.10.04}
}

@MISC{wr703n_instructables,
  title = {List of Instructables Projects involving the wr703n},
  howpublished = {\url{http://www.instructables.com/tag/type-id/?sort=none\&q=wr703n}},
  owner = {Brendan},
  timestamp = {2013.10.04}
}

@MISC{wr703n_price,
  title = {ebay Item: TP-LINK TL-WR703N 150Mbps 150M Nano Mini Portable WiFi
	3G Wireless Router AP TR},
  howpublished = {\url{goo.gl/dSCGjk}},
  owner = {Brendan},
  timestamp = {2013.10.05}
}

@MANUAL{MAN_lm7805,
  title = {LM78XX / LM78XXA 3-Terminal 1 A Positive Voltage Regulator},
  organization = {Fairchild Semiconductor},
  month = {August},
  year = {2013},
  owner = {Brendan},
  timestamp = {2013.10.05}
}

@MISC{MAN_OPENWRT,
  title = {OpenWRT Documentation and Wiki},
  howpublished = {\url{http://wiki.openwrt.org/doc}},
  month = {September},
  year = {2013},
  owner = {Brendan},
  timestamp = {2013.10.04}
}

@MANUAL{MOTEC_prices,
  title = {MOTEC Retail Pricelist-AU-2013},
  organization = {MOTEC Pty Ltd.},
  year = {2013},
  owner = {Brendan},
  timestamp = {2013.10.05}
}

@ARTICLE{802_3,
  title = {IEEE Standard for Ethernet - Section 1 through 6},
  journal = {IEEE Std 802.3-2012 (Revision to IEEE Std 802.3-2008)},
  year = {2012},
  doi = {10.1109/IEEESTD.2012.6419738},
  keywords = {EPON;Ethernet networks;IEEE standards;Passive optical networks;10
	Gigabit Ethernet;100 Gigabit Ethernet;1000BASE;100BASE;100GBASE;10BASE;10GBASE;40
	Gigabit Ethernet;40GBASE;AUI;Auto Negotiation;Backplane Ethernet;DTE
	Power via the MDI;EPON;Ethernet;Ethernet in the First Mile;Ethernet
	passive optical network;Fast Ethernet;GMII;Gigabit Ethernet;MDI;MIB;MII;PHY;PMA;Physical
	Layer;Power over Ethernet;VLAN TAG;XGMII;attachment unit interface;data
	processing;information exchange;local area network;management;media
	independent interface;medium dependent interface;physical coding
	sublayer;physical medium attachment;repeater;type field}
}

@MANUAL{MAN_ADL3,
  title = {ADL3 User Manual},
  organization = {MOTEC Pty Ltd},
  year = {2009},
  owner = {Brendan},
  timestamp = {2013.10.03}
}

