% This file was created with JabRef 2.9.2.
% Encoding: MacRoman

@BOOK{IEC_60287,
  title = {Rating of Electric Power Cables: Ampacity Computations for Transmission,
	Distribution, and Industrial Applications},
  publisher = {McGraw Hill Professional},
  year = {1997},
  author = {George J. Anders},
  owner = {Troy},
  timestamp = {2013.10.07}
}

@MISC{ip_chart,
  author = {Access Communications},
  title = {IP (Ingress Protection) Rating for Equipment and Enclosures},
  howpublished = {\url{http://www.accesscomms.com.au/reference/ip.htm}},
  owner = {Troy},
  timestamp = {2013.10.07}
}

@MISC{delphi_mp_630,
  author = {Delphi},
  title = {Delphi Metri-Pack 630 Series Datasheet},
  owner = {Troy},
  timestamp = {2013.10.07}
}

@MISC{fluroplastic_compare,
  author = {DuPont},
  title = {Fluoroplastic Comparison: Typical Properties},
  howpublished = {\url{http://www2.dupont.com/Teflon_Industrial/en_US/tech_info/techinfo_compare.html}},
  owner = {Troy},
  timestamp = {2013.10.07}
}

@MANUAL{CBR600_Manual,
  title = {Honda CBR600RR Service Manual},
  author = {Honda},
  organization = {Honda},
  year = {2003},
  optaddress = {•},
  optannote = {•},
  optauthor = {•},
  optedition = {•},
  optkey = {•},
  optmonth = {•},
  optnote = {•},
  optorganization = {Honda},
  optyear = {2003}
}

@MISC{ip_rating,
  author = {Maxim Integrated},
  title = {Understanding the Ingress Protection Ratings of iButton Data Loggers
	and Capsule},
  howpublished = {\url{http://www.maximintegrated.com/app-notes/index.mvp/id/4126}},
  month = {October},
  year = {2007},
  owner = {Troy},
  timestamp = {2013.10.07}
}

@ARTICLE{ATSM_D570,
  author = {ATSM International},
  title = {Standard Test Method for Water Absorption of Plastics},
  journal = {ASTM D570},
  year = {2010},
  volume = {08.01},
  owner = {Troy},
  timestamp = {2013.10.07}
}

@MISC{pvc_specs,
  author = {Plastics International},
  title = {Polyvinyl Chloride Datasheet},
  howpublished = {\url{http://www.plasticsintl.com/datasheets/PVC.pdf}},
  owner = {Troy},
  timestamp = {2013.10.07}
}

@MISC{solder_vibrations2,
  author = {Jenn-Ming Song, Yea-Luen Chang, Truan-Sheng Lui and Li-Hui Chen},
  title = {Materials Transactions: Vibration Fracture Behavior of Sn-Bi Solder
	Alloys with Various Bi Contents},
  howpublished = {\url{http://www.jim.or.jp/journal/e/pdf3/45/03/666.pdf}},
  year = {2004},
  journal = {Japan Institute of Metals},
  owner = {Troy},
  pages = {pp. 666 to 672},
  timestamp = {2013.10.07},
  volume = {45}
}

@BOOK{solder_vibrations,
  title = {Designing Electronics for High Vibration and Shock},
  publisher = {Electronic Packaging \& Production},
  year = {1987},
  author = {H.W. Markstein},
  pages = {pp. 40-43},
  owner = {Troy},
  timestamp = {2013.10.07}
}

@MISC{IEC_60287_Flowchart,
  author = {Steven McFadyen},
  title = {IEC 60287 Current Capacity of Cables - An Introduction},
  howpublished = {\url{http://myelectrical.com/notes/entryid/207/iec-60287-current-capacity-of-cables-an-introduction}},
  month = {January},
  year = {2013},
  owner = {Troy},
  timestamp = {2013.10.07}
}

@ARTICLE{Neher_McGrath,
  author = {J. H. Neher and M. H. McGrath},
  title = {The Calculation of the Temperature Rise and Load Capability of Cable
	Systems},
  journal = {AIEE Transactions},
  year = {1957},
  volume = {76},
  owner = {Troy},
  timestamp = {2013.10.07}
}

@MISC{table310,
  author = {Gerald Newton},
  title = {Where Did Table 310-16 Come From?},
  howpublished = {\url{http://www.electrician2.com/articles/t31016.htm}},
  year = {1996},
  owner = {Troy},
  timestamp = {2013.10.07}
}

@MISC{nexans_dr22,
  author = {Nexans},
  title = {EN 2267-010 A DR Datasheet},
  owner = {Troy},
  timestamp = {2013.10.07}
}

@MISC{avssh_specs,
  author = {Sumitomo Electric Automotive Products},
  title = {Heat Resistant Wires},
  howpublished = {\url{http://www.seaps.com.sg/cables/cab_heat_avssx.htm}},
  owner = {Troy},
  timestamp = {2013.10.07}
}

@BOOK{MIL-STD-975M,
  title = {MIL-STD-975M},
  publisher = {NASA},
  owner = {Troy},
  timestamp = {2013.10.07}
}

